@article{Watson2008,
  title={Mammary development in the embryo and adult: a journey of morphogenesis and commitment},
  author={Watson, Christine J and Khaled, Walid T},
  journal={Development},
  volume={135},
  number={6},
  pages={995--1003},
  year={2008},
  publisher={The Company of Biologists Ltd}
}
@article{Hennighausen2005,
  title={Information networks in the mammary gland},
  author={Hennighausen, Lothar and Robinson, Gertraud W},
  journal={Nature reviews Molecular cell biology},
  volume={6},
  number={9},
  pages={715--725},
  year={2005},
  publisher={Nature Publishing Group}
}
@article{Hennighausen1998,
  title={Think globally, act locally: the making of a mouse mammary gland},
  author={Hennighausen, Lothar and Robinson, Gertraud W},
  journal={Genes \& development},
  volume={12},
  number={4},
  pages={449--455},
  year={1998},
  publisher={Cold Spring Harbor Lab}
}
@article{Inman2015,
  title={Mammary gland development: cell fate specification, stem cells and the microenvironment},
  author={Inman, Jamie L and Robertson, Claire and Mott, Joni D and Bissell, Mina J},
  journal={Development},
  volume={142},
  number={6},
  pages={1028--1042},
  year={2015},
  publisher={Oxford University Press for The Company of Biologists Limited}
}
@article{Mikkola2006,
  title={The mammary bud as a skin appendage: unique and shared aspects of development},
  author={Mikkola, Marja L and Millar, Sarah E},
  journal={Journal of mammary gland biology and neoplasia},
  volume={11},
  number={3-4},
  pages={187--203},
  year={2006},
  publisher={Springer}
}
@article{Hens2005,
  title={Key stages of mammary gland development: molecular mechanisms involved in the formation of the embryonic mammary gland},
  author={Hens, Julie R and Wysolmerski, John J},
  journal={Breast Cancer Research},
  volume={7},
  number={5},
  pages={220},
  year={2005},
  publisher={BioMed Central}
}
@article{Watson2006,
    author = {Watson, Christine J},
    journal = {Expert Rev. Mol. Med.},
    volume = {8},
    number = {32},
    pages = {1--15},
    title = {Post-lactational mammary gland regression: molecular basis and implications for breast cancer.},
    year = {2006}
}
@article{Kordon1998,
  title={An entire functional mammary gland may comprise the progeny from a single cell},
  author={Kordon, Edith C and Smith, Gilbert H},
  journal={Development},
  volume={125},
  number={10},
  pages={1921--1930},
  year={1998},
  publisher={The Company of Biologists Ltd}
}
@article{Faulkin1960,
  title={Regulation of Growth and Spacing of Gland Elements in the Mammary Fat Pad of the C3H Mouse},
  author={Faulkin, LJ and DeOme, KB},
  year={1960},
  volume={24},
  pages={953--969},
  journal={J Natl Cancer Inst},
  publisher={Oxford University Press}
}
@article{Daniel197,
  title={Regulation of cell division in aging mouse mammary epithelium},
  author={Daniel, Charles W},
  journal={Adv Exp Med Biol},
  volume={61},
  pages={1--19},
  year={1975},
  publisher={Springer}
}
@article{Smalley1998,
  title={Clonal characterization of mouse mammary luminal epithelial and myoepithelial cells separated by fluorescence-activated cell sorting},
  author={Smalley, Matthew J and Titley, Jenny and Oâ€™Hare, Michael J},
  journal={In Vitro Cellular \& Developmental Biology-Animal},
  volume={34},
  number={9},
  pages={711--721},
  year={1998},
  publisher={Springer}
}
@article{Stingl2006,
  title={Purification and unique properties of mammary epithelial stem cells},
  author={Stingl, John and Eirew, Peter and Ricketson, Ian and Shackleton, Mark and Vaillant, Fran{\c{c}}ois and Choi, David and Li, Haiyan I and Eaves, Connie J},
  journal={Nature},
  volume={439},
  number={7079},
  pages={993--997},
  year={2006},
  publisher={Nature Publishing Group}
}
@article{Shackleton2006,
  title={Generation of a functional mammary gland from a single stem cell},
  author={Shackleton, Mark and Vaillant, Fran{\c{c}}ois and Simpson, Kaylene J and Stingl, John and Smyth, Gordon K and Asselin-Labat, Marie-Liesse and Wu, Li and Lindeman, Geoffrey J and Visvader, Jane E},
  journal={Nature},
  volume={439},
  number={7072},
  pages={84--88},
  year={2006},
  publisher={Nature Publishing Group}
}
@article{Asselin2007,
  title={Gata-3 is an essential regulator of mammary-gland morphogenesis and luminal-cell differentiation},
  author={Asselin-Labat, Marie-Liesse and Sutherland, Kate D and Barker, Holly and Thomas, Richard and Shackleton, Mark and Forrest, Natasha C and Hartley, Lynne and Robb, Lorraine and Grosveld, Frank G and van der Wees, Jacqueline and others},
  journal={Nature cell biology},
  volume={9},
  number={2},
  pages={201--209},
  year={2007},
  publisher={Nature Publishing Group}
}
@article{Lim2009,
  title={Aberrant luminal progenitors as the candidate target population for basal tumor development in BRCA1 mutation carriers},
  author={Lim, Elgene and Vaillant, Fran{\c{c}}ois and Wu, Di and Forrest, Natasha C and Pal, Bhupinder and Hart, Adam H and Asselin-Labat, Marie-Liesse and Gyorki, David E and Ward, Teresa and Partanen, Audrey and others},
  journal={Nature medicine},
  volume={15},
  number={8},
  pages={907--913},
  year={2009},
  publisher={Nature Publishing Group}
}
@article{Molyneux2010,
  title={BRCA1 basal-like breast cancers originate from luminal epithelial progenitors and not from basal stem cells},
  author={Molyneux, Gemma and Geyer, Felipe C and Magnay, Fiona-Ann and McCarthy, Afshan and Kendrick, Howard and Natrajan, Rachael and MacKay, Alan and Grigoriadis, Anita and Tutt, Andrew and Ashworth, Alan and others},
  journal={Cell stem cell},
  volume={7},
  number={3},
  pages={403--417},
  year={2010},
  publisher={Elsevier}
}
@article{Kouros2006,
  title={GATA-3 maintains the differentiation of the luminal cell fate in the mammary gland},
  author={Kouros-Mehr, Hosein and Slorach, Euan M and Sternlicht, Mark D and Werb, Zena},
  journal={Cell},
  volume={127},
  number={5},
  pages={1041--1055},
  year={2006},
  publisher={Elsevier}
}
@article{VanKeymeulen2011,
  title={Distinct stem cells contribute to mammary gland development and maintenance},
  author={Van Keymeulen, Alexandra and Rocha, Ana Sofia and Ousset, Marielle and Beck, Benjamin and Bouvencourt, Ga{\"e}lle and Rock, Jason and Sharma, Neha and Dekoninck, Sophie and Blanpain, C{\'e}dric},
  journal={Nature},
  volume={479},
  number={7372},
  pages={189--193},
  year={2011},
  publisher={Nature Publishing Group}
}
@article{Wang2015,
  title={Identification of multipotent mammary stem cells by protein C receptor expression},
  author={Wang, Daisong and Cai, Cheguo and Dong, Xiaobing and Yu, Qing Cissy and Zhang, Xiao-Ou and Yang, Li and Zeng, Yi Arial},
  journal={Nature},
  volume={517},
  number={7532},
  pages={81--84},
  year={2015},
  publisher={Nature Research}
}
@article{Rios2014,
  title={In situ identification of bipotent stem cells in the mammary gland},
  author={Rios, Anne C and Fu, Nai Yang and Lindeman, Geoffrey J and Visvader, Jane E},
  journal={Nature},
  volume={506},
  number={7488},
  pages={322--327},
  year={2014},
  publisher={Nature Research}
}
@article{Zheng2017,
  title={Massively parallel digital transcriptional profiling of single cells},
  author={Zheng, Grace XY and Terry, Jessica M and Belgrader, Phillip and Ryvkin, Paul and Bent, Zachary W and Wilson, Ryan and Ziraldo, Solongo B and Wheeler, Tobias D and McDermott, Geoff P and Zhu, Junjie and others},
  journal={Nature communications},
  volume={8},
  pages={14049},
  year={2017},
  publisher={Nature Publishing Group}
}
@article{VanAmerongen2012,
  title={Developmental stage and time dictate the fate of Wnt/$\beta$-catenin-responsive stem cells in the mammary gland},
  author={van Amerongen, Ren{\'e}e and Bowman, Angela N and Nusse, Roel},
  journal={Cell stem cell},
  volume={11},
  number={3},
  pages={387--400},
  year={2012},
  publisher={Elsevier}
}
@article{Davis2016,
  title={Single-cell lineage tracing in the mammary gland reveals stochastic clonal dispersion of stem/progenitor cell progeny},
  author={Davis, Felicity M and Lloyd-Lewis, Bethan and Harris, Olivia B and Kozar, Sarah and Winton, Douglas J and Muresan, Leila and Watson, Christine J},
  journal={Nature Communications},
  volume={7},
  year={2016},
  publisher={Nature Publishing Group}
}
@article{Haghverdi2016,
  title={Diffusion pseudotime robustly reconstructs lineage branching},
  author={Haghverdi, Laleh and Buettner, Maren and Wolf, F Alexander and Buettner, Florian and Theis, Fabian J},
  journal={Nature Methods},
  volume={13},
  number={10},
  pages={845--848},
  year={2016},
  publisher={Nature Research}
}
@article{VanBragt2014,
  title={RUNX1, a transcription factor mutated in breast cancer, controls the fate of ER-positive mammary luminal cells},
  author={van Bragt, Maaike PA and Hu, Xin and Xie, Ying and Li, Zhe},
  journal={Elife},
  volume={3},
  pages={e03881},
  year={2014},
  publisher={eLife Sciences Publications Limited}
}
@article{Dos2015,
  title={An epigenetic memory of pregnancy in the mouse mammary gland},
  author={dos Santos, Camila O and Dolzhenko, Egor and Hodges, Emily and Smith, Andrew D and Hannon, Gregory J},
  journal={Cell reports},
  volume={11},
  number={7},
  pages={1102--1109},
  year={2015},
  publisher={Elsevier}
}
@article{Rijnkels2013,
  title={Epigenetic modifications unlock the milk protein gene loci during mouse mammary gland development and differentiation},
  author={Rijnkels, Monique and Freeman-Zadrowski, Courtneay and Hernandez, Joseph and Potluri, Vani and Wang, Liguo and Li, Wei and Lemay, Danielle G},
  journal={PloS one},
  volume={8},
  number={1},
  pages={e53270},
  year={2013},
  publisher={Public Library of Science}
}
@article{Lafkas2013,
  title={Notch3 marks clonogenic mammary luminal progenitor cells in vivo},
  author={Lafkas, Daniel and Rodilla, Veronica and Huyghe, Mathilde and Mourao, Larissa and Kiaris, Hippokratis and Fre, Silvia},
  journal={J Cell Biol},
  pages={jcb--201307046},
  year={2013},
  publisher={Rockefeller University Press}
}
@article{Wagner2002,
  title={An adjunct mammary epithelial cell population in parous females: its role in functional adaptation and tissue renewal},
  author={Wagner, Kay-Uwe and Boulanger, Corinne A and Henry, MaLinda D and Sgagias, Magdalene and Hennighausen, Lothar and Smith, Gilbert H},
  journal={Development},
  volume={129},
  number={6},
  pages={1377--1386},
  year={2002},
  publisher={The Company of Biologists Ltd}
}
@article{Scheele2017,
  title={Identity and dynamics of mammary stem cells during branching morphogenesis},
  author={Scheele, Colinda LGJ and Hannezo, Edouard and Muraro, Mauro J and Zomer, Anoek and Langedijk, Nathalia SM and van Oudenaarden, Alexander and Simons, Benjamin D and van Rheenen, Jacco},
  journal={Nature},
  volume={542},
  number={7641},
  pages={313--317},
  year={2017},
  publisher={Nature Research}
}
@article{Lun2016,
  title={Pooling across cells to normalize single-cell RNA sequencing data with many zero counts},
  author={Lun, Aaron TL and Bach, Karsten and Marioni, John C},
  journal={Genome biology},
  volume={17},
  number={1},
  pages={75},
  year={2016},
  publisher={BioMed Central}
}
@article{Brennecke2013,
  title={Accounting for technical noise in single-cell RNA-seq experiments},
  author={Brennecke, Philip and Anders, Simon and Kim, Jong Kyoung and Ko{\l}odziejczyk, Aleksandra A and Zhang, Xiuwei and Proserpio, Valentina and Baying, Bianka and Benes, Vladimir and Teichmann, Sarah A and Marioni, John C and others},
  journal={Nature methods},
  volume={10},
  number={11},
  pages={1093--1095},
  year={2013},
  publisher={Nature Research}
}
@article{Langfelder2008,
  title={Defining clusters from a hierarchical cluster tree: the Dynamic Tree Cut package for R},
  author={Langfelder, Peter and Zhang, Bin and Horvath, Steve},
  journal={Bioinformatics},
  volume={24},
  number={5},
  pages={719--720},
  year={2008},
  publisher={Oxford Univ Press}
}
@Manual{Henning2015,
    title = {fpc: Flexible Procedures for Clustering},
    author = {Christian Hennig},
    year = {2015},
    note = {R package version 2.1-10},
    url = {https://CRAN.R-project.org/package=fpc},
  }
@article{Robinson2010,
    title = {edgeR: a Bioconductor package for differential expression analysis of digital gene expression data},
    author = {Mark D Robinson and Davis J McCarthy and Gordon K Smyth},
    journal = {Bioinformatics},
    volume = {26},
    pages = {-1},
    year = {2010},
  }
@article{Angerer2016,
  title={destiny: diffusion maps for large-scale single-cell data in R},
  author={Angerer, Philipp and Haghverdi, Laleh and B{\"u}ttner, Maren and Theis, Fabian J and Marr, Carsten and Buettner, Florian},
  journal={Bioinformatics},
  volume={32},
  number={8},
  pages={1241--1243},
  year={2016},
  publisher={Oxford Univ Press}
}
@article{Trapnell2014,
  title={The dynamics and regulators of cell fate decisions are revealed by pseudotemporal ordering of single cells},
  author={Trapnell, Cole and Cacchiarelli, Davide and Grimsby, Jonna and Pokharel, Prapti and Li, Shuqiang and Morse, Michael and Lennon, Niall J and Livak, Kenneth J and Mikkelsen, Tarjei S and Rinn, John L},
  journal={Nature biotechnology},
  volume={32},
  number={4},
  pages={381--386},
  year={2014},
  publisher={Nature Research}
}
@Manual{Alexa2016,
    title = {topGO: Enrichment Analysis for Gene Ontology},
    author = {Adrian Alexa and Jorg Rahnenfuhrer},
    year = {2016},
    note = {R package version 2.28.0},
  }
